
@inproceedings{doerr_impact_2014,
	address = {Vancouver BC Canada},
	title = {The impact of random initialization on the runtime of randomized search heuristics},
	isbn = {978-1-4503-2662-9},
	url = {https://dl.acm.org/doi/10.1145/2576768.2598359},
	doi = {10.1145/2576768.2598359},
	abstract = {It has often been observed that the expected runtime of an evolutionary algorithm with random initialization does not deviate much from the expected runtime when starting in an initial solution of average Ô¨Åtness. Having this information a priori would greatly simplify the runtime analysis for the algorithm using random initialization.},
	language = {en},
	urldate = {2022-03-08},
	booktitle = {Proceedings of the 2014 {Annual} {Conference} on {Genetic} and {Evolutionary} {Computation}},
	publisher = {ACM},
	author = {Doerr, Benjamin and Doerr, Carola},
	month = jul,
	year = {2014},
	pages = {1375--1382},
	file = {Doerr and Doerr - 2014 - The impact of random initialization on the runtime.pdf:files/188/Doerr and Doerr - 2014 - The impact of random initialization on the runtime.pdf:application/pdf},
}
