
@article{ficici_solution_nodate,
	title = {Solution {Concepts} in {Coevolutionary} {Algorithms}},
	language = {en},
	author = {Ficici, Sevan G},
	pages = {299},
	file = {Ficici - Solution Concepts in Coevolutionary Algorithms.pdf:/Users/lululin/Zotero/storage/C6CRPT83/Ficici - Solution Concepts in Coevolutionary Algorithms.pdf:application/pdf},
}
