
@book{doerr_theory_2020,
	address = {Cham},
	series = {Natural {Computing} {Series}},
	title = {Theory of {Evolutionary} {Computation}: {Recent} {Developments} in {Discrete} {Optimization}},
	isbn = {978-3-030-29413-7 978-3-030-29414-4},
	shorttitle = {Theory of {Evolutionary} {Computation}},
	url = {http://link.springer.com/10.1007/978-3-030-29414-4},
	language = {en},
	urldate = {2021-12-03},
	publisher = {Springer International Publishing},
	editor = {Doerr, Benjamin and Neumann, Frank},
	year = {2020},
	doi = {10.1007/978-3-030-29414-4},
	file = {Doerr and Neumann - 2020 - Theory of Evolutionary Computation Recent Develop.pdf:files/52/Doerr and Neumann - 2020 - Theory of Evolutionary Computation Recent Develop.pdf:application/pdf},
}
